@article{kraaikamp2005modern,
  title={A modern introduction to probability and statistics},
  author={Dekking, F.M. and Kraaikamp, C. and Lopuha√§, H.P. and Meester, L.E.},
  journal={Springer},
  year={2005}
}


@article{yanga2020independence,
  title={Independence test of a continuous random variable and a discrete random variable},
  author={Yanga, J. and Kim, M.},
  journal={Communications for Statistical Applications and Methods},
  volume={27},
  number={3},
  pages={285--299},
  year={2020},
  publisher={Korean Statistical Society}
}
